@article{Abbasi2009,
abstract = {IceCube is a km-scale neutrino observatory under construction at the South Pole with sensors both in the deep ice (InIce) and on the surface (IceTop). The sensors, called Digital Optical Modules (DOMs), detect, digitize and timestamp the signals from optical Cherenkov-radiation photons. The DOM Main Board (MB) data acquisition subsystem is connected to the central DAQ in the IceCube Laboratory (ICL) by a single twisted copper wire-pair and transmits packetized data on demand. Time calibration is maintained throughout the array by regular transmission to the DOMs of precisely timed analog signals, synchronized to a central GPS-disciplined clock. The design goals and consequent features, functional capabilities, and initial performance of the DOM MB, and the operation of a combined array of DOMs as a system, are described here. Experience with the first InIce strings and the IceTop stations indicates that the system design and performance goals have been achieved. {\textcopyright} 2009 Elsevier B.V.},
archivePrefix = {arXiv},
arxivId = {0810.4930},
author = {Abbasi, R. and Ackermann, M. and Adams, J. and Ahlers, M. and Ahrens, J. and Andeen, K. and Auffenberg, J. and Bai, X. and Baker, M. and Barwick, S. W. and Bay, R. and {Bazo Alba}, J. L. and Beattie, K. and Becka, T. and Becker, J. K. and Becker, K. H. and Berghaus, P. and Berley, D. and Bernardini, E. and Bertrand, D. and Besson, D. Z. and Bingham, B. and Blaufuss, E. and Boersma, D. J. and Bohm, C. and Bolmont, J. and B{\"{o}}ser, S. and Botner, O. and Braun, J. and Breeder, D. and Burgess, T. and Carithers, W. and Castermans, T. and Chen, H. and Chirkin, D. and Christy, B. and Clem, J. and Cowen, D. F. and D'Agostino, M. V. and Danninger, M. and Davour, A. and Day, C. T. and Depaepe, O. and {De Clercq}, C. and Demir{\"{o}}rs, L. and Descamps, F. and Desiati, P. and de Vries-Uiterweerd, G. and DeYoung, T. and Diaz-Velez, J. C. and Dreyer, J. and Dumm, J. P. and Duvoort, M. R. and Edwards, W. R. and Ehrlich, R. and Eisch, J. and Ellsworth, R. W. and Engdeg{\aa}rd, O. and Euler, S. and Evenson, P. A. and Fadiran, O. and Fazely, A. R. and Feusels, T. and Filimonov, K. and Finley, C. and Foerster, M. M. and Fox, B. D. and Franckowiak, A. and Franke, R. and Gaisser, T. K. and Gallagher, J. and Ganugapati, R. and Gerhardt, L. and Gladstone, L. and Glowacki, D. and Goldschmidt, A. and Goodman, J. A. and Gozzini, R. and Grant, D. and Griesel, T. and Gro{\ss}, A. and Grullon, S. and Gunasingha, R. M. and Gurtner, M. and Ha, C. and Hallgren, A. and Halzen, F. and Han, K. and Hanson, K. and Hardtke, R. and Hasegawa, Y. and Haugen, J. and Hays, D. and Heise, J. and Helbing, K. and Hellwig, M. and Herquet, P. and Hickford, S. and Hill, G. C. and Hodges, J. and Hoffman, K. D. and Hoshina, K. and Hubert, D. and Huelsnitz, W. and Hughey, B. and H{\"{u}}l{\ss}, J. P. and Hulth, P. O. and Hultqvist, K. and Hussain, S. and Imlay, R. L. and Inaba, M. and Ishihara, A. and Jacobsen, J. and Japaridze, G. S. and Johansson, H. and Jones, A. and Joseph, J. M. and Kampert, K. H. and Kappes, A. and Karg, T. and Karle, A. and Kawai, H. and Kelley, J. L. and Kiryluk, J. and Kislat, F. and Klein, S. R. and Kleinfelder, S. and Klepser, S. and Kohnen, G. and Kolanoski, H. and K{\"{o}}pke, L. and Kowalski, M. and Kowarik, T. and Krasberg, M. and Kuehn, K. and Kujawski, E. and Kuwabara, T. and Labare, M. and Laihem, K. and Landsman, H. and Lauer, R. and Laundrie, A. and Leich, H. and Leier, D. and Lewis, C. and Lucke, A. and Ludvig, J. and Lundberg, J. and L{\"{u}}nemann, J. and Madsen, J. and Maruyama, R. and Mase, K. and Matis, H. S. and McParland, C. P. and Meagher, K. and Meli, A. and Merck, M. and Messarius, T. and M{\'{e}}sz{\'{a}}ros, P. and Minor, R. H. and Miyamoto, H. and Mohr, A. and Mokhtarani, A. and Montaruli, T. and Morse, R. and Movit, S. M. and M{\"{u}}nich, K. and Muratas, A. and Nahnhauer, R. and Nam, J. W. and Nie{\ss}en, P. and Nygren, D. R. and Odrowski, S. and Olivas, A. and Olivo, M. and Ono, M. and Panknin, S. and Patton, S. and {P{\'{e}}rez de los Heros}, C. and Petrovic, J. and Piegsa, A. and Pieloth, D. and Pohl, A. C. and Porrata, R. and Potthoff, N. and Pretz, J. and Price, P. B. and Przybylski, G. T. and Rawlins, K. and Razzaque, S. and Redl, P. and Resconi, E. and Rhode, W. and Ribordy, M. and Rizzo, A. and Robbins, W. J. and Rodrigues, J. P. and Roth, P. and Rothmaier, F. and Rott, C. and Roucelle, C. and Rutledge, D. and Ryckbosch, D. and Sander, H. G. and Sarkar, S. and Satalecka, K. and Sandstrom, P. and Schlenstedt, S. and Schmidt, T. and Schneider, D. and Schulz, O. and Seckel, D. and Semburg, B. and Seo, S. H. and Sestayo, Y. and Seunarine, S. and Silvestri, A. and Smith, A. J. and Song, C. and Sopher, J. E. and Spiczak, G. M. and Spiering, C. and Stanev, T. and Stezelberger, T. and Stokstad, R. G. and Stoufer, M. C. and Stoyanov, S. and Strahler, E. A. and Straszheim, T. and Sulanke, K. H. and Sullivan, G. W. and Swillens, Q. and Taboada, I. and Tarasova, O. and Tepe, A. and Ter-Antonyan, S. and Tilav, S. and Tluczykont, M. and Toale, P. A. and Tosi, D. and Tur{\v{c}}an, D. and van Eijndhoven, N. and Vandenbroucke, J. and {Van Overloop}, A. and Viscomi, V. and Vogt, C. and Voigt, B. and Vu, C. Q. and Wahl, D. and Walck, C. and Waldenmaier, T. and Waldmann, H. and Walter, M. and Wendt, C. and Westerhof, S. and Whitehorn, N. and Wharton, D. and Wiebusch, C. H. and Wiedemann, C. and Wikstr{\"{o}}m, G. and Williams, D. R. and Wischnewski, R. and Wissing, H. and Woschnagg, K. and Xu, X. W. and Yodh, G. and Yoshida, S.},
doi = {10.1016/j.nima.2009.01.001},
eprint = {0810.4930},
file = {:home/fongo/.local/share/data/Mendeley Ltd./Mendeley Desktop/Downloaded/Abbasi et al. - 2009 - The IceCube data acquisition system Signal capture, digitization, and timestamping(9).pdf:pdf},
isbn = {0168-9002},
issn = {01689002},
journal = {Nuclear Instruments and Methods in Physics Research, Section A: Accelerators, Spectrometers, Detectors and Associated Equipment},
keywords = {AMANDA,Icecube,Neutrino telescope,Signal digitization},
number = {3},
pages = {294--316},
title = {{The IceCube data acquisition system: Signal capture, digitization, and timestamping}},
volume = {601},
year = {2009}
}
