% So sieht der Biblatex Eintag für eine Abschlussarbeit aus:
@thesis{ma-sebastian,
author = {Müller, Sebastian},
title = {Clear Sight in Cherenkov-Astronomy},
subtitle = {Investigations of Reflector Geometry and Mirror Alignment for the FACT-Telescope},
year = {2014},
type = {Masterarbeit},
school = {TU Dortmund}
}

% ein Lehrbuch:
@book{kuypers,
    author = {Kuypers, Friedhelm},
    title = {Klassische Mechanik},
    year = {2010},
    publisher = {Wiley-VCH},
    series = {9. Auflage}
}

@BOOK{handbook_adhesives,
  editor =       {Satas, D.},
  TITLE =        {Handbook of pressure sensitive adhesive technology},
  PUBLISHER =    {Van Nostrand Reinhold},
  YEAR =         {1989},
  address =      {New York},
  edition =      {2nd},
}


% Ein in einem Journal veröffentlichter Artikel (Paper):
@article{pdg,
      author         = "Beringer, J. and others",
      title          = "{Review of Particle Physics (RPP)}",
      collaboration  = "Particle Data Group",
      journal        = "Phys.Rev.",
      volume         = "D86",
      pages          = "010001",
      doi            = "10.1103/PhysRevD.86.010001",
      year           = "2012",
      SLACcitation   = "%%CITATION = PHRVA,D86,010001;%%",
}

@ARTICLE{einstein,
  author = {Einstein, A.},
  title = {A Generalization of the relativistic theory of Gravitation},
  journal = {Annals of Mathematics},
  year = {1945},
  volume = {46},
  pages = {578-584},
  number = {4}
  }

@ELECTRONIC{make,
    title   = {Gnu-Make Homepage},
    url = {http://www.gnu.org/software/make/},
    date = {2014},
}
@ELECTRONIC{toolbox,
    title   = {Pep et al.\ Toolbox -- \LaTeX-Folien},
    url = {http://toolbox.pep-dortmund.org/files/archive/2014/latex.pdf},
    date = {2014},
}
@ELECTRONIC{gitbash,
    title   = {Git Bash - Download},
    url = {http://msysgit.github.io/},
    date = {2014},
}
@ELECTRONIC{pleser,
    title   = {Modern Packages for LaTeX},
    url = {http://philippleser.de/physics/latex},
    date = {2014},
    author = {Leser, Philipp}
}
@MANUAL{l2tabu,
    title   = {Das LATEX2ε-Sündenregister},
    author = {Ensenbach, Marc and Trettin, Mark},
    url = {ftp://ftp.mpi-sb.mpg.de/pub/tex/mirror/ftp.dante.de/pub/tex/info/l2tabu/german/l2tabu.pdf},
    date = {2011},
}


@thesis{dr-scheriau,
author = {Scheriau, Florian},
title = {Data-Mining in der Astroteilchenphysik},
subtitle = {Entfaltung des Energiespektrums der von IceCube in der 86 String-Konfiguration gemessenen Myon-Neutrinos},
year = {2014},
type = {Dissertation},
school = {TU Dortmund}
}

@thesis{milke2012unfolding,
  title={Unfolding of the atmospheric neutrino flux spectrum with the new program TRUEE and IceCube},
  author={Milke, Natalie},
  year={2012},
  school={TU Dortmund}
}

@thesis{stanisha2014ICNoise,
  title={Characterization of Low-dt Non-Poisson Noise in the IceCube Neutrino Detector},
  author={Stanisha, Nicholas},
  year={2014},
  school={Pennsylvania State University}
}

@book{bayesClassifier,
  title={Pattern classification and scene analysis},
  author={Duda, Richard O and Hart, Peter E and others},
  volume={3},
  year={1973},
  publisher={Wiley New York}
}

@book{FundamentalAstronomy,
author = {{Karttunen}, H. and {Kröger}, P. and {Oja}, H. and {Poutanen}, M. and {Donner}, K.-J.},
title = {Fundamental Astronomy},
year = {2003},
edition = {5},
publisher = {Springer-Verlag Berlin Heidelberg},
pagetotal = {510},
doi = {10.1007/978-3-540-34144-4},
OPTeprint = {978-3-540-34144-4}
}

@book{dataMining,
  title={Data mining and knowledge discovery handbook},
  author={Maimon, Oded and Rokach, Lior},
  volume={2},
  year={2005},
  publisher={Springer}
}

@book{HistoricalIntroducationApp,
  title={From Ultra Rays to Astroparticles},
  author={Falkenburg, Brigitte and Rhode, Wolfgang},
  journal={From Ultra Rays to Astroparticles},
  volume={1},
  year={2012},
  publisher={Springer}
}

@book{NeutrinoPhysics,
  title={Physics of Neutrinos: And Applications to Astrophysics},
  author={Fukugita, Masataka and Yanagida, Tsutomu},
  year={2003},
  publisher={Springer Science \& Business Media}
}

@book{statisticalLearning,
  title={The elements of statistical learning: data mining, inference, and prediction},
  author={Trevor J.. Hastie and Tibshirani, Robert John and Friedman, Jerome H},
  year={2009},
  publisher={Springer}
}

@incollection{mrmrRM,
  title={Fast-ensembles of minimum redundancy feature selection},
  author={Schowe, Benjamin and Morik, Katharina},
  booktitle={Ensembles in Machine Learning Applications},
  pages={75--95},
  year={2011},
  publisher={Springer}
}

@article{30aNN,
  title={30 years of adaptive neural networks: perceptron, madaline, and backpropagation},
  author={Widrow, Bernard and Lehr, Michael and others},
  journal={Proceedings of the IEEE},
  volume={78},
  number={9},
  pages={1415--1442},
  year={1990},
  publisher={IEEE}
}

@article{AMSProtonSpectrum,
  title={Precision Measurement of the Proton Flux in Primary Cosmic Rays from Rigidity 1 GV to 1.8 TV with the Alpha Magnetic Spectrometer on the International Space Station},
  author={Aguilar, M and Aisa, D and Alpat, B and Alvino, A and Ambrosi, G and Andeen, K and Arruda, L and Attig, N and Azzarello, P and Bachlechner, A and others},
  journal={Physical review letters},
  volume={114},
  number={17},
  pages={171103},
  year={2015},
  publisher={APS}
}

@article{bahcall2001high,
  title={High energy astrophysical neutrinos: The upper bound is robust},
  author={Bahcall, John and Waxman, Eli},
  journal={Physical Review D},
  volume={64},
  number={2},
  pages={023002},
  year={2001},
  publisher={APS}
}

@article{bdt,
   author = {{Roe}, B.~P. and {Yang}, H.-J. and {Zhu}, J. and {Liu}, Y. and 
    {Stancu}, I. and {McGregor}, G.},
    title = {{Boosted decision trees as an alternative to artificial neural networks for particle identification}},
  journal = {Nuclear Instruments and Methods in Physics Research A},
   eprint = {physics/0408124},
     year = 2005,
    month = may,
   volume = 543,
    pages = {577-584},
      doi = {10.1016/j.nima.2004.12.018}
}

@article{BeckerBiermannRhode,
author = {{Becker}, J. K. and {Biermann}, P. L. and {Rhode}, W.},
title = {The diffuse neutrino flux from FR-II radio galaxies and blazars: A source property based estimate},
journaltitle = {Astropart.Phys.},
volume = {23},
year = {2005},
pages = {355--368},
doi = {10.1016/j.astropartphys.2005.02.003},
eprint = {arXiv:astro-ph/0502089v1}
}

@article{clusteringJain,
  title={Data clustering: a review},
  author={Jain, Anil K and Murty, M Narasimha and Flynn, Patrick J},
  journal={ACM computing surveys (CSUR)},
  volume={31},
  number={3},
  pages={264--323},
  year={1999},
  publisher={Acm}
}

@article{DecisionTrees,
  title={Induction of decision trees},
  author={Quinlan, J. Ross},
  journal={Machine learning},
  volume={1},
  number={1},
  pages={81--106},
  year={1986},
  publisher={Springer}
}

@article{deepcore-reference,
title = "The design and performance of IceCube DeepCore ",
journal = "Astroparticle Physics ",
volume = "35",
number = "10",
pages = "615 - 624",
year = "2012",
issn = "0927-6505",
doi = "http://dx.doi.org/10.1016/j.astropartphys.2012.01.004",
%url = "http://www.sciencedirect.com/science/article/pii/S0927650512000254",
author = "R. Abbasi and Y. Abdou and T. Abu-Zayyad and M. Ackermann and J. Adams and J.A. Aguilar and M. Ahlers and M.M. Allen and D. Altmann and K. Andeen and J. Auffenberg and X. Bai and M. Baker and S.W. Barwick and R. Bay and J.L. Bazo Alba and K. Beattie and J.J. Beatty and S. Bechet and J.K. Becker and K.-H. Becker and M.L. Benabderrahmane and S. BenZvi and J. Berdermann and P. Berghaus and D. Berley and E. Bernardini and D. Bertrand and D.Z. Besson and D. Bindig and M. Bissok and E. Blaufuss and J. Blumenthal and D.J. Boersma and C. Bohm and D. Bose and S. Böser and O. Botner and A.M. Brown and S. Buitink and K.S. Caballero-Mora and M. Carson and D. Chirkin and B. Christy and F. Clevermann and S. Cohen and C. Colnard and D.F. Cowen and A.H. Cruz Silva and M.V. D’Agostino and M. Danninger and J. Daughhetee and J.C. Davis and C. De Clercq and T. Degner and L. Demirörs and F. Descamps and P. Desiati and G. de Vries-Uiterweerd and T. DeYoung and J.C. Díaz-Vélez and M. Dierckxsens and J. Dreyer and J.P. Dumm and M. Dunkman and J. Eisch and R.W. Ellsworth and O. Engdegård and S. Euler and P.A. Evenson and O. Fadiran and A.R. Fazely and A. Fedynitch and J. Feintzeig and T. Feusels and K. Filimonov and C. Finley and T. Fischer-Wasels and B.D. Fox and A. Franckowiak and R. Franke and T.K. Gaisser and J. Gallagher and L. Gerhardt and L. Gladstone and T. Glüsenkamp and A. Goldschmidt and J.A. Goodman and D. Góra and D. Grant and T. Griesel and A. Groß and S. Grullon and M. Gurtner and C. Ha and A. Haj Ismail and A. Hallgren and F. Halzen and K. Han and K. Hanson and D. Heinen and K. Helbing and R. Hellauer and S. Hickford and G.C. Hill and K.D. Hoffman and B. Hoffmann and A. Homeier and K. Hoshina and W. Huelsnitz and J.-P. Hülß and P.O. Hulth and K. Hultqvist and S. Hussain and A. Ishihara and E. Jacobi and J. Jacobsen and G.S. Japaridze and H. Johansson and K.-H. Kampert and A. Kappes and T. Karg and A. Karle and P. Kenny and J. Kiryluk and F. Kislat and S.R. Klein and J.-H. Köhne and G. Kohnen and H. Kolanoski and L. Köpke and D.J. Koskinen and M. Kowalski and T. Kowarik and M. Krasberg and G. Kroll and N. Kurahashi and T. Kuwabara and M. Labare and K. Laihem and H. Landsman and M.J. Larson and R. Lauer and J. Lünemann and J. Madsen and A. Marotta and R. Maruyama and K. Mase and H.S. Matis and K. Meagher and M. Merck and P. Mészáros and T. Meures and S. Miarecki and E. Middell and N. Milke and J. Miller and T. Montaruli and R. Morse and S.M. Movit and R. Nahnhauer and J.W. Nam and U. Naumann and D.R. Nygren and S. Odrowski and A. Olivas and M. Olivo and A. O’Murchadha and S. Panknin and L. Paul and C. Pérez de los Heros and J. Petrovic and A. Piegsa and D. Pieloth and R. Porrata and J. Posselt and P.B. Price and G.T. Przybylski and K. Rawlins and P. Redl and E. Resconi and W. Rhode and M. Ribordy and M. Richman and J.P. Rodrigues and F. Rothmaier and C. Rott and T. Ruhe and D. Rutledge and B. Ruzybayev and D. Ryckbosch and H.-G. Sander and M. Santander and S. Sarkar and K. Schatto and T. Schmidt and A. Schönwald and A. Schukraft and A. Schultes and O. Schulz and M. Schunck and D. Seckel and B. Semburg and S.H. Seo and Y. Sestayo and S. Seunarine and A. Silvestri and G.M. Spiczak and C. Spiering and M. Stamatikos and T. Stanev and T. Stezelberger and R.G. Stokstad and A. Stößl and E.A. Strahler and R. Ström and M. Stüer and G.W. Sullivan and Q. Swillens and H. Taavola and I. Taboada and A. Tamburro and A. Tepe and S. Ter-Antonyan and S. Tilav and P.A. Toale and S. Toscano and D. Tosi and N. van Eijndhoven and J. Vandenbroucke and A. Van Overloop and J. van Santen and M. Vehring and M. Voge and C. Walck and T. Waldenmaier and M. Wallraff and M. Walter and Ch. Weaver and C. Wendt and S. Westerhoff and N. Whitehorn and K. Wiebe and C.H. Wiebusch and D.R. Williams and R. Wischnewski and H. Wissing and M. Wolf and T.R. Wood and K. Woschnagg and C. Xu and D.L. Xu and X.W. Xu and J.P. Yanez and G. Yodh and S. Yoshida and P. Zarzhitsky and M. Zoll",
keywords = "Neutrino",
keywords = "Detector",
keywords = "Antarctica",
keywords = "DeepCore",
keywords = "IceCube ",
}

@article{EntfaltungMilke,
  title={Solving inverse problems with the unfolding program TRUEE: Examples in astroparticle physics},
  author={Milke, N and Doert, M and Klepser, S and Mazin, D and Blobel, V and Rhode, W},
  journal={Nuclear Instruments and Methods in Physics Research Section A: Accelerators, Spectrometers, Detectors and Associated Equipment},
  volume={697},
  pages={133--147},
  year={2013},
  publisher={Elsevier}
}

@article{EntfaltungStarck,
  title={Deconvolution in astronomy: A review},
  author={Starck, JL and Pantin, E and Murtagh, F},
  journal={Publications of the Astronomical Society of the Pacific},
  volume={114},
  number={800},
  pages={1051--1069},
  year={2002},
  publisher={JSTOR}
}

@article{frejusDetector,
  title={The Frejus nucleon decay detector},
  author={Berger, Ch and Hofmann, A and M{\"o}nch, H and Raupach, F and Schleper, P and Schmitz, G and Tutas, J and Voigtl{\"a}nder, B and Arpesella, C and Benadjal, Y and others},
  journal={Nuclear Instruments and Methods in Physics Research Section A: Accelerators, Spectrometers, Detectors and Associated Equipment},
  volume={262},
  number={2},
  pages={463--495},
  year={1987},
  publisher={Elsevier}
}

@article{GradientBoostingMachine,
  title={Greedy function approximation: a gradient boosting machine},
  author={Friedman, Jerome H},
  journal={Annals of statistics},
  pages={1189--1232},
  year={2001},
  publisher={JSTOR}
}

@article{GradientBoostingStochastic,
  title={Stochastic gradient boosting},
  author={Friedman, Jerome H},
  journal={Computational Statistics \& Data Analysis},
  volume={38},
  number={4},
  pages={367--378},
  year={2002},
  publisher={Elsevier}
}

@inproceedings{GradientDescentBoosting,
  title={Boosting algorithms as gradient descent in function space},
  author={Mason, Llew and Baxter, Jonathan and Bartlett, Peter and Frean, Marcus},
  year={1999},
  organization={NIPS}
}

@article{Groom,
author = {{Groom}, D.~E. and {Klein}, S.~R.},
title = {Passage of particles through matter},
journal = {European Physical Journal C},
year = 2000,
month = mar,
volume = 15,
pages = {163-173},
doi = {10.1007/BF02683419},
url = {http://adsabs.harvard.edu/abs/2000EPJC...15..163G},
note = {Provided by the SAO/NASA Astrophysics Data System}
}

@article{FermiAcc,
  title={On the origin of the cosmic radiation},
  author={Fermi, Enrico},
  journal={Physical Review},
  volume={75},
  number={8},
  pages={1169},
  year={1949},
  publisher={APS}
}

@article{FrejusData,
    author = {Daum, K and Rhode, W and Bareyre, P and Barloutaud, R and Chardin, G and Degrange, B and Ernwein, J and Kuznik, B and Meyer, H and Mosca, L and Moscoso, L and Perdereau, O and Schubnell, M and Tisserant, S and Wei, Y},
    doi = {10.1007/BF01556368},
    journal = {Zeitschrift fur Physik C Particles and Fields},
    month = sep,
    pages = {417--428},
    title = {{Determination of the atmospheric neutrino spectra with the Fr\'{e}jus detector}},
    volume = {66},
    year = {1995}
}

@article{GENIE,
  title={The GENIE neutrino monte carlo generator},
  author={Andreopoulos, Costas and Bell, A and Bhattacharya, D and Cavanna, F and Dobson, J and Dytman, S and Gallagher, H and Guzowski, P and Hatcher, R and Kehayias, P and others},
  journal={Nuclear Instruments and Methods in Physics Research Section A: Accelerators, Spectrometers, Detectors and Associated Equipment},
  volume={614},
  number={1},
  pages={87--104},
  year={2010},
  publisher={Elsevier}
}

@article{halzen2005lectures,
  title={Lectures on high-energy neutrino astronomy},
  author={Halzen, Francis},
  journal={arXiv preprint astro-ph/0506248},
  year={2005}
}

@article{honda2015atmospheric,
  title={Atmospheric neutrino flux calculation using the NRLMSISE00 atmospheric model},
  author={Honda, M and Athar, M Sajjad and Kajita, T and Kasahara, K and Midorikawa, S},
  journal={arXiv preprint arXiv:1502.03916},
  year={2015}
}

@article{horandel2004models,
  title={Models of the knee in the energy spectrum of cosmic rays},
  author={H{\"o}randel, J{\"o}rg R},
  journal={Astroparticle Physics},
  volume={21},
  number={3},
  pages={241--265},
  year={2004},
  publisher={Elsevier}
}

@article{IC59Data,
    year={2015},
    issn={1434-6044},
    journal={The European Physical Journal C},
    eid={116},
    volume={75},
    number={3},
    doi={10.1140/epjc/s10052-015-3330-z},
    title={Development of a general analysis and unfolding scheme and its application to measure the energy spectrum of atmospheric neutrinos with IceCube},
    %url={http://dx.doi.org/10.1140/epjc/s10052-015-3330-z},
    publisher={Springer Berlin Heidelberg},
    author={Aartsen, M.G. and Ackermann, M. and Adams, J. and Aguilar, J.A. and Ahlers, M. and Ahrens, M. and Altmann, D. and Anderson, T. and Arguelles, C. and Arlen, T.C. and Auffenberg, J. and Bai, X. and Barwick, S.W. and Baum, V. and Beatty, J.J. and Tjus, J.Becker and Becker, K.-H. and BenZvi, S. and Berghaus, P. and Berley, D. and Bernardini, E. and Bernhard, A. and Besson, D.Z. and Binder, G. and Bindig, D. and Bissok, M. and Blaufuss, E. and Blumenthal, J. and Boersma, D.J. and Bohm, C. and Bos, F. and Bose, D. and Böser, S. and Botner, O. and Brayeur, L. and Bretz, H.P. and Brown, A.M. and Casey, J. and Casier, M. and Cheung, E. and Chirkin, D. and Christov, A. and Christy, B. and Clark, K. and Classen, L. and Clevermann, F. and Coenders, S. and Cowen, D.F. and Cruz Silva, A.H. and Danninger, M. and Daughhetee, J. and Davis, J.C. and Day, M. and de André, J.P.A.M. and De Clercq, C. and De Ridder, S. and Desiati, P. and de Vries, K.D. and de With, M. and DeYoung, T. and Díaz-Vélez, J.C. and Dunkman, M. and Eagan, R. and Eberhardt, B. and Eichmann, B. and Eisch, J. and Euler, S. and Evenson, P.A. and Fadiran, O. and Fazely, A.R. and Fedynitch, A. and Feintzeig, J. and Felde, J. and Feusels, T. and Filimonov, K. and Finley, C. and Fischer-Wasels, T. and Flis, S. and Franckowiak, A. and Frantzen, K. and Fuchs, T. and Gaisser, T.K. and Gaior, R. and Gallagher, J. and Gerhardt, L. and Gier, D. and Gladstone, L. and Glüsenkamp, T. and Goldschmidt, A. and Golup, G. and Gonzalez, J.G. and Goodman, J.A. and Góra, D. and Grant, D. and Gretskov, P. and Groh, J.C. and Groß, A. and Ha, C. and Haack, C. and Haj Ismail, A. and Hallen, P. and Hallgren, A. and Halzen, F. and Hanson, K. and Hebecker, D. and Heereman, D. and Heinen, D. and Helbing, K. and Hellauer, R. and Hellwig, D. and Hickford, S. and Hill, G.C. and Hoffman, K.D. and Hoffmann, R. and Homeier, A. and Hoshina, K. and Huang, F. and Huelsnitz, W. and Hulth, P.O. and Hultqvist, K. and Hussain, S. and Ishihara, A. and Jacobi, E. and Jacobsen, J. and Jagielski, K. and Japaridze, G.S. and Jero, K. and Jlelati, O. and Jurkovic, M. and Kaminsky, B. and Kappes, A. and Karg, T. and Karle, A. and Kauer, M. and Keivani, A. and Kelley, J.L. and Kheirandish, A. and Kiryluk, J. and Kläs, J. and Klein, S.R. and Köhne, J.H. and Kohnen, G. and Kolanoski, H. and Koob, A. and Köpke, L. and Kopper, C. and Kopper, S. and Koskinen, D.J. and Kowalski, M. and Kriesten, A. and Krings, K. and Kroll, G. and Kroll, M. and Kunnen, J. and Kurahashi, N. and Kuwabara, T. and Labare, M. and Larsen, D.T. and Larson, M.J. and Lesiak-Bzdak, M. and Leuermann, M. and Leute, J. and Lünemann, J. and Madsen, J. and Maggi, G. and Maruyama, R. and Mase, K. and Matis, H.S. and Maunu, R. and McNally, F. and Meagher, K. and Medici, M. and Meli, A. and Meures, T. and Miarecki, S. and Middell, E. and Middlemas, E. and Milke, N. and Miller, J. and Mohrmann, L. and Montaruli, T. and Morse, R. and Nahnhauer, R. and Naumann, U. and Niederhausen, H. and Nowicki, S.C. and Nygren, D.R. and Obertacke, A. and Odrowski, S. and Olivas, A. and Omairat, A. and O’Murchadha, A. and Palczewski, T. and Paul, L. and Penek, Ö. and Pepper, J.A. and Pérez de los Heros, C. and Pfendner, C. and Pieloth, D. and Pinat, E. and Posselt, J. and Price, P.B. and Przybylski, G.T. and Pütz, J. and Quinnan, M. and Rädel, L. and Rameez, M. and Rawlins, K. and Redl, P. and Rees, I. and Reimann, R. and Relich, M. and Resconi, E. and Rhode, W. and Richman, M. and Riedel, B. and Robertson, S. and Rodrigues, J.P. and Rongen, M. and Rott, C. and Ruhe, T. and Ruzybayev, B. and Ryckbosch, D. and Saba, S.M. and Sander, H.-G. and Sandroos, J. and Santander, M. and Sarkar, S. and Schatto, K. and Scheriau, F. and Schmidt, T. and Schmitz, M. and Schoenen, S. and Schöneberg, S. and Schönwald, A. and Schukraft, A. and Schulte, L. and Schulz, O. and Seckel, D. and Sestayo, Y. and Seunarine, S. and Shanidze, R. and Smith, M.W.E. and Soldin, D. and Spiczak, G.M. and Spiering, C. and Stamatikos, M. and Stanev, T. and Stanisha, N.A. and Stasik, A. and Stezelberger, T. and Stokstad, R.G. and Stößl, A. and Strahler, E.A. and Ström, R. and Strotjohann, N.L. and Sullivan, G.W. and Taavola, H. and Taboada, I. and Tamburro, A. and Tepe, A. and Ter-Antonyan, S. and Terliuk, A. and Tešić, G. and Tilav, S. and Toale, P.A. and Tobin, M.N. and Tosi, D. and Tselengidou, M. and Unger, E. and Usner, M. and Vallecorsa, S. and van Eijndhoven, N. and Vandenbroucke, J. and van Santen, J. and Vehring, M. and Voge, M. and Vraeghe, M. and Walck, C. and Wallraff, M. and Weaver, Ch. and Wellons, M. and Wendt, C. and Westerhoff, S. and Whelan, B.J. and Whitehorn, N. and Wichary, C. and Wiebe, K. and Wiebusch, C.H. and Williams, D.R. and Wissing, H. and Wolf, M. and Wood, T.R. and Woschnagg, K. and Xu, D.L. and Xu, X.W. and Yanez, J.P. and Yodh, G. and Yoshida, S. and Zarzhitsky, P. and Ziemann, J. and Zierke, S. and Zoll, M. and Morik, K.},
    language={English}
}

@article{icecube-detector-reference,
title = "First year performance of the IceCube neutrino telescope ",
journal = "Astroparticle Physics ",
volume = "26",
number = "3",
pages = "155 - 173",
year = "2006",
OPTnote = "",
issn = "0927-6505",
doi = "10.1016/j.astropartphys.2006.06.007",
%url = "http://www.sciencedirect.com/science/article/pii/S0927650506000855",
author = "A. Achterberg and M. Ackermann and J. Adams and J. Ahrens and K. Andeen and D.W. Atlee and J. Baccus and J.N. Bahcall and X. Bai and B. Baret and M. Bartelt and S.W. Barwick and R. Bay and K. Beattie and T. Becka and J.K. Becker and K.-H. Becker and P. Berghaus and D. Berley and E. Bernardini and D. Bertrand and D.Z. Besson and E. Blaufuss and D.J. Boersma and C. Bohm and S. Böser and O. Botner and A. Bouchta and J. Braun and C. Burgess and T. Burgess and T. Castermans and J. Cherwinka and D. Chirkin and J. Clem and D.F. Cowen and M.V. D’Agostino and A. Davour and C.T. Day and C. De Clercq and L. Demirörs and P. Desiati and T. DeYoung and J.C. Diaz-Velez and J. Dreyer and M.R. Duvoort and W.R. Edwards and R. Ehrlich and J. Eisch and A. Elcheikh and R.W. Ellsworth and P.A. Evenson and O. Fadiran and A.R. Fazely and T. Feser and K. Filimonov and B.D. Fox and T.K. Gaisser and J. Gallagher and R. Ganugapati and H. Geenen and L. Gerhardt and A. Goldschmidt and J.A. Goodman and R. Gozzini and M.G. Greene and S. Grullon and A. Groß and R.M. Gunasingha and M. Gurtner and A. Hallgren and F. Halzen and K. Han and K. Hanson and D. Hardtke and R. Hardtke and T. Harenberg and J.E. Hart and J. Haugen and T. Hauschildt and D. Hays and J. Heise and K. Helbing and M. Hellwig and P. Herquet and G.C. Hill and J. Hodges and K.D. Hoffman and K. Hoshina and D. Hubert and B. Hughey and P.O. Hulth and K. Hultqvist and S. Hundertmark and J.-P. Hülß and A. Ishihara and J. Jacobsen and G.S. Japaridze and A. Jones and J.M. Joseph and K.-H. Kampert and A. Karle and H. Kawai and J.L. Kelley and M. Kestel and N. Kitamura and S.R. Klein and S. Klepser and G. Kohnen and H. Kolanoski and L. Köpke and M. Krasberg and K. Kuehn and H. Landsman and A. Laundrie and H. Leich and I. Liubarsky and J. Lundberg and C. Mackenzie and J. Madsen and K. Mase and H.S. Matis and T. McCauley and C.P. McParland and A. Meli and T. Messarius and P. Mészáros and H. Miyamoto and A. Mokhtarani and T. Montaruli and A. Morey and R. Morse and S.M. Movit and K. Münich and A. Muratas and R. Nahnhauer and J.W. Nam and P. Nießen and D.R. Nygren and H. Ögelman and Ph. Olbrechts and A. Olivas and S. Patton and C. Peña-Garay and C. Pérez de los Heros and C. Pettersen and A. Piegsa and D. Pieloth and A.C. Pohl and R. Porrata and J. Pretz and P.B. Price and G.T. Przybylski and K. Rawlins and S. Razzaque and F. Refflinghaus and E. Resconi and W. Rhode and M. Ribordy and A. Rizzo and S. Robbins and C. Rott and D. Rutledge and H.-G. Sander and P. Sandstrom and S. Sarkar and S. Schlenstedt and D. Schneider and D. Seckel and S.H. Seo and S. Seunarine and A. Silvestri and A.J. Smith and M. Solarz and C. Song and J.E. Sopher and G.M. Spiczak and C. Spiering and M. Stamatikos and T. Stanev and P. Steffen and T. Stezelberger and R.G. Stokstad and M.C. Stoufer and S. Stoyanov and E.A. Strahler and K.-H. Sulanke and G.W. Sullivan and I. Taboada and O. Tarasova and A. Tepe and L. Thollander and S. Tilav and P.A. Toale and D. Turčan and N. van Eijndhoven and J. Vandenbroucke and A. Van Overloop and B. Voigt and W. Wagner and C. Walck and H. Waldmann and M. Walter and Y.-R. Wang and C. Wendt and M. Whitney and C.H. Wiebusch and G. Wikström and D.R. Williams and R. Wischnewski and P. Wisniewski and H. Wissing and K. Woschnagg and X.W. Xu and G. Yodh and S. Yoshida and J.D. Zornoza",
keywords = "Neutrino",
keywords = "IceCube",
keywords = "Performance",
keywords = "South pole",
keywords = "Detection",
keywords = "IceTop",
keywords = "Amanda",
keywords = "First year "
}

@article{icecubeMuonFlux,
  title={Characterization of the Atmospheric Muon Flux in IceCube},
  author={Aartsen, MG and Abraham, K and Ackermann, M and Adams, J and Aguilar, JA and Ahlers, M and Ahrens, M and Altmann, D and Anderson, T and Archinger, M and others},
  journal={arXiv preprint arXiv:1506.07981},
  year={2015}
}

@article{icetop-reference,
title = "IceTop: The surface component of IceCube ",
journal = "Nuclear Instruments and Methods in Physics Research Section A: Accelerators, Spectrometers, Detectors and Associated Equipment ",
volume = "700",
number = "0",
pages = "188 - 220",
year = "2013",
OPTnote = "",
issn = "0168-9002",
doi = "10.1016/j.nima.2012.10.067",
%url = "http://www.sciencedirect.com/science/article/pii/S016890021201217X",
author = "R. Abbasi and Y. Abdou and M. Ackermann and J. Adams and J.A. Aguilar and M. Ahlers and D. Altmann and K. Andeen and J. Auffenberg and X. Bai and M. Baker and S.W. Barwick and V. Baum and R. Bay and K. Beattie and J.J. Beatty and S. Bechet and J. Becker Tjus and K.-H. Becker and M. Bell and M.L. Benabderrahmane and S. BenZvi and J. Berdermann and P. Berghaus and D. Berley and E. Bernardini and D. Bertrand and D.Z. Besson and D. Bindig and M. Bissok and E. Blaufuss and J. Blumenthal and D.J. Boersma and C. Bohm and D. Bose and S. Böser and O. Botner and L. Brayeur and A.M. Brown and R. Bruijn and J. Brunner and S. Buitink and K.S. Caballero-Mora and M. Carson and J. Casey and M. Casier and D. Chirkin and B. Christy and F. Clevermann and S. Cohen and D.F. Cowen and A.H. Cruz Silva and M. Danninger and J. Daughhetee and J.C. Davis and C. De Clercq and F. Descamps and P. Desiati and G. de Vries-Uiterweerd and T. DeYoung and J.C. Díaz-Vélez and J. Dreyer and J.P. Dumm and M. Dunkman and R. Eagan and J. Eisch and C. Elliott and R.W. Ellsworth and O. Engdegård and S. Euler and P.A. Evenson and O. Fadiran and A.R. Fazely and A. Fedynitch and J. Feintzeig and T. Feusels and K. Filimonov and C. Finley and T. Fischer-Wasels and S. Flis and A. Franckowiak and R. Franke and K. Frantzen and T. Fuchs and T.K. Gaisser and J. Gallagher and L. Gerhardt and L. Gladstone and T. Glüsenkamp and A. Goldschmidt and J.A. Goodman and D. Góra and D. Grant and A. Groß and S. Grullon and M. Gurtner and C. Ha and A. Haj Ismail and A. Hallgren and F. Halzen and K. Hanson and D. Heereman and P. Heimann and D. Heinen and K. Helbing and R. Hellauer and S. Hickford and G.C. Hill and K.D. Hoffman and R. Hoffmann and A. Homeier and K. Hoshina and W. Huelsnitz and P.O. Hulth and K. Hultqvist and S. Hussain and A. Ishihara and E. Jacobi and J. Jacobsen and G.S. Japaridze and O. Jlelati and H. Johansson and A. Kappes and T. Karg and A. Karle and J. Kiryluk and F. Kislat and J. Kläs and S.R. Klein and S. Klepser and J.-H. Köhne and G. Kohnen and H. Kolanoski and L. Köpke and C. Kopper and S. Kopper and D.J. Koskinen and M. Kowalski and M. Krasberg and G. Kroll and J. Kunnen and N. Kurahashi and T. Kuwabara and M. Labare and K. Laihem and H. Landsman and M.J. Larson and R. Lauer and M. Lesiak-Bzdak and J. Lünemann and J. Madsen and R. Maruyama and K. Mase and H.S. Matis and A. McDermott and F. McNally and K. Meagher and M. Merck and P. Mészáros and T. Meures and S. Miarecki and E. Middell and N. Milke and J. Miller and L. Mohrmann and T. Montaruli and R. Morse and S.M. Movit and R. Nahnhauer and U. Naumann and P. Nießen and S.C. Nowicki and D.R. Nygren and A. Obertacke and S. Odrowski and A. Olivas and M. Olivo and A. O'Murchadha and S. Panknin and L. Paul and J.A. Pepper and C. Pérez de los Heros and D. Pieloth and N. Pirk and J. Posselt and P.B. Price and G.T. Przybylski and L. Rädel and K. Rawlins and P. Redl and E. Resconi and W. Rhode and M. Ribordy and M. Richman and B. Riedel and J.P. Rodrigues and J. Roth and F. Rothmaier and C. Rott and C. Roucelle and T. Ruhe and D. Rutledge and B. Ruzybayev and D. Ryckbosch and S.M. Saba and T. Salameh and H.-G. Sander and M. Santander and S. Sarkar and K. Schatto and M. Scheel and F. Scheriau and T. Schmidt and M. Schmitz and S. Schoenen and S. Schöneberg and L. Schönherr and A. Schönwald and A. Schukraft and L. Schulte and O. Schulz and D. Seckel and S.H. Seo and Y. Sestayo and S. Seunarine and L. Shulman and M.W.E. Smith and M. Soiron and D. Soldin and G.M. Spiczak and C. Spiering and M. Stamatikos and T. Stanev and A. Stasik and T. Stezelberger and R.G. Stokstad and A. Stößl and S. Stoyanov and E.A. Strahler and R. Ström and K-H. Sulanke and G.W. Sullivan and H. Taavola and I. Taboada and A. Tamburro and S. Ter-Antonyan and S. Tilav and P.A. Toale and S. Toscano and M. Usner and D. van der Drift and N. van Eijndhoven and A. Van Overloop and J. van Santen and M. Vehring and M. Voge and C. Walck and T. Waldenmaier and M. Wallraff and M. Walter and R. Wasserman and Ch. Weaver and C. Wendt and S. Westerhoff and N. Whitehorn and K. Wiebe and C.H. Wiebusch and D.R. Williams and H. Wissing and M. Wolf and T.R. Wood and K. Woschnagg and C. Xu and D.L. Xu and X.W. Xu and J.P. Yanez and G. Yodh and S. Yoshida and P. Zarzhitsky and J. Ziemann and A. Zilles and M. Zoll",
keywords = "IceCube",
keywords = "IceTop",
keywords = "Cosmic rays",
keywords = "Air shower",
keywords = "Detector ",
}

@article{jaccardIndex,
  title={The distribution of the flora in the alpine zone},
  author={Jaccard, Paul},
  journal={New phytologist},
  volume={11},
  number={2},
  pages={37--50},
  year={1912},
  publisher={JSTOR}
}

@article{LearnedMannheim,
author = {{Learned}, J. G. and {Mannheim}, K.},
title = {High-energy neutrino astrophysics},
journaltitle = {Annual Review of Nuclear and Particle Science},
year = {2000},
month = {dec},
volume = {50},
doi = {10.1146/annurev.nucl.50.1.679},
%url = {http://dx.doi.org/10.1146/annurev.nucl.50.1.679},
urldate = {2013-07-25},
pages = {679--749}
}

@article{matplotlib,
  Author    = {Hunter, J. D.},
  Title     = {Matplotlib: A 2D graphics environment},
  Journal   = {Computing In Science \& Engineering},
  Volume    = {9},
  Number    = {3},
  Pages     = {90--95},
  abstract  = {Matplotlib is a 2D graphics package used for Python
  for application development, interactive scripting, and
  publication-quality image generation across user
  interfaces and operating systems.},
  publisher = {IEEE COMPUTER SOC},
  year      = 2007
}

@article{mrmr,
  title={Feature selection based on mutual information criteria of max-dependency, max-relevance, and min-redundancy},
  author={Peng, Hanchuan and Long, Fuhui and Ding, Chris},
  journal={Pattern Analysis and Machine Intelligence, IEEE Transactions on},
  volume={27},
  number={8},
  pages={1226--1238},
  year={2005},
  publisher={IEEE}
}

@article{mrmrNumerisch,
  title={Minimum redundancy feature selection from microarray gene expression data},
  author={Ding, Chris and Peng, Hanchuan},
  journal={Journal of bioinformatics and computational biology},
  volume={3},
  number={02},
  pages={185--205},
  year={2005},
  publisher={World Scientific}
}

@article{muonSpectrum7986,
  title={Unfolding measurement of the Atmospheric Muon
Neutrino Spectrum using IceCube-79/86},
  author={{Aartsen}, M. G. and others},
  journal = {PoS(ICRC2015)},
  number = {1098},
  year={2015}
}

@article{pdg2014,
      author         = "Olive, K.A. and others",
      title          = "{Review of Particle Physics}",
      collaboration  = "Particle Data Group",
      journal        = "Chin.Phys.",
      volume         = "C38",
      pages          = "090001",
      doi            = "10.1088/1674-1137/38/9/090001",
      year           = "2014",
      SLACcitation   = "%%CITATION = CHPHD,C38,090001;%%",
}

@article{Proposal,
author ={{Koehne}, J.-H.
         and {Frantzen}, K.
         and {Chirkin}, D.
         and {Schmitz}, M.
         and {Fuchs}, T.
         and {Becker Tjus}, J.
         and {Rhode}, W.},
title = {PROPOSAL for muon propagation},
journaltitle = {Computer Physics Communications},
volume = 184,
issue = 9,
doi = {10.1016/j.cpc.2013.04.001},
year = 2013,
month = {sep},
%url = {http://dx.doi.org/10.1016/j.cpc.2013.04.001}
}

@article{pythonFirst,
  title={Interactively testing remote servers using the Python programming language},
  author={van Rossum, Guido and de Boer, Jelke},
  journal={CWi Quarterly},
  volume={4},
  number={4},
  pages={283--303},
  year={1991},
  note={Current state: \url{https://www.python.org/}}
}

@article{RandomForest,
  title={Random forests},
  author={Breiman, Leo},
  journal={Machine learning},
  volume={45},
  number={1},
  pages={5--32},
  year={2001},
  publisher={Springer}
}

@article{RapidMiner,
author = {{Mierswa}, I. and {Wurst}, M. and {Klinkenberg}, R. and {Scholz}, M. and {Euler}, T.},
title = {{YALE}: {R}apid {P}rototyping for {C}omplex {D}ata {M}ining {T}asks},
year = {2006},
journaltitle = {Proceedings of the 12th ACM SIGKDD International Conference on Knowledge Discovery and Data Mining (KDD 2006)},
month = {August},
pages = {935--940},
publisher = {{ACM} {P}ress},
url = {http://rapid-i.com/component/option,com_docman/task,doc_download/gid,25/Itemid,62/}
}

@article{ReconstructionMethods,
  title={Measurement of the atmospheric neutrino energy spectrum with IceCube},
  author={Chirkin, D and Abbasi, R and Abdou, Y and others},
  journal={Proceedings of the 31st ICRC},
  year={2009}
}

@article{SpiceMie,
  title={Measurement of South Pole ice transparency with the IceCube LED calibration system},
  author={Aartsen, MG and Abbasi, R and Abdou, Yasser and Ackermann, M and Adams, J and Aguilar, JA and Ahlers, M and Altmann, D and Auffenberg, J and Bai, X and others},
  journal={Nuclear Instruments and Methods in Physics Research Section A: Accelerators, Spectrometers, Detectors and Associated Equipment},
  volume={711},
  pages={73--89},
  year={2013},
  publisher={Elsevier}
}

@article{SuperK2006,
  title={Determination of the atmospheric neutrino fluxes from atmospheric neutrino data},
  author={Gonzalez-Garcia, Concepci{\`o}n and Maltoni, Michele and Rojo, Joan},
  journal={Journal of High Energy Physics},
  volume={2006},
  number={10},
  pages={075},
  year={2006},
  publisher={IOP Publishing}
}

@article{SuperKDetector,
  title={The super-kamiokande detector},
  author={Fukuda, S and Fukuda, Y and Hayakawa, T and Ichihara, E and Ishitsuka, M and Itow, Y and Kajita, T and Kameda, J and Kaneyuki, K and Kasuga, S and others},
  journal={Nuclear Instruments and Methods in Physics Research Section A: Accelerators, Spectrometers, Detectors and Associated Equipment},
  volume={501},
  number={2},
  pages={418--462},
  year={2003},
  publisher={Elsevier}
}

@article{WaxmanBahcall,
  title = {High Energy Neutrinos from Cosmological Gamma\-/Ray Burst Fireballs},
  author = {{Waxman}, E. and {Bahcall}, J.},
  journal = {Phys. Rev. Lett.},
  volume = {78},
  issue = {12},
  pages = {2292--2295},
  year = {1997},
  month = {Mar},
  doi = {10.1103/PhysRevLett.78.2292},
  url = {http://link.aps.org/doi/10.1103/PhysRevLett.78.2292},
  publisher = {American Physical Society}
}

@article{Weka2009,
  title={The WEKA data mining software: an update},
  author={Hall, Mark and Frank, Eibe and Holmes, Geoffrey and Pfahringer, Bernhard and Reutemann, Peter and Witten, Ian H},
  journal={ACM SIGKDD explorations newsletter},
  volume={11},
  number={1},
  pages={10--18},
  year={2009},
  publisher={ACM}
}

@article{WiebelSoothBiermannMeyer,
author = {{Wiebel-Sooth}, B. and {Biermann}, P. L. and {Meyer}, H.},
title = {Cosmic rays. VII. Individual element spectra: prediction and data},
journal = {Astronomy and Astrophysics},
volume = {330},
pages = {389--398},
year = {1998},
month = {Feb},
eprint = {arXiv:astro-ph/9709253},
url = {http://adsabs.harvard.edu/full/1998A%26A...330..389W},
urldate = {2016-08-20}
}

@article{xvalBreimanSpector,
  title={Submodel selection and evaluation in regression. The X-random case},
  author={Breiman, Leo and Spector, Philip},
  journal={International statistical review/revue internationale de Statistique},
  pages={291--319},
  year={1992},
  publisher={JSTOR}
}

@inproceedings{InductionBayesClassifier,
  title={Induction of selective Bayesian classifiers},
  author={Langley, Pat and Sage, Stephanie},
  booktitle={Proceedings of the Tenth international conference on Uncertainty in artificial intelligence},
  pages={399--406},
  year={1994},
  organization={Morgan Kaufmann Publishers Inc.}
}

@inproceedings{xvalKohavi,
  title={A study of cross-validation and bootstrap for accuracy estimation and model selection},
  author={Kohavi, Ron and others},
  booktitle={Ijcai},
  volume={14},
  number={2},
  pages={1137--1145},
  year={1995}
}

@misc{larson,
  author        = "Michael Larson",
  howpublished  = "private communication",
  year          = "2014"
}

@techreport{corsika,
  title={CORSIKA: A Monte Carlo code to simulate extensive air showers},
  author={Heck, Dieter and Schatz, G and Knapp, J and Thouw, T and Capdevielle, JN},
  year={1998}
}

@techreport{streams,
      author = {Christian Bockermann and Hendrik Blom},
      title = {The streams Framework},
      month = {12},
      year = {2012},
      number = {5},
      institution = {TU Dortmund}
}

@MANUAL{siunitx,
    title   = {siunitx - A comprehensive (SI) units package},
    url = {http://mirror.selfnet.de/tex-archive/macros/latex/contrib/siunitx/siunitx.pdf},
    date = {2013},
    author = {Wright, Joseph}
}
@MANUAL{koma,
    title   = {KOMA -Script},
    subtitle = {ein wandelbares LaTeX-Paket},
    url = {http://mirror.selfnet.de/tex-archive/macros/latex/contrib/koma-script/doc/scrguide.pdf},
    date = {2013},
    author = {Kohm, Markus and Morawski, Jens-Uwe}
}
@MANUAL{biblatex,
    title   = {The Biblatex Package},
    subtitle = {Programmable Bibliographies and Citations},
    url = {ftp://ftp.fu-berlin.de/tex/CTAN/macros/latex/contrib/biblatex/doc/biblatex.pdf},
    date = {2014},
    author = {Lehman, Philipp and others}
}
@ELECTRONIC{FeatureSelection,
    author = {{Schowe}, Benjamin},
    title = {{RapidMiner Feature Selection Extension}},
    url = {http://sourceforge.net/projects/rm-featselext/},
    urldate = {2016-08-20},
    date = {2010}
}
@ELECTRONIC{hdf5,
    author = {{The HDF Group}},
    title = "{Hierarchical Data Format, version 5}",
    year = {1997-NNNN},
    url = {http://www.hdfgroup.org/HDF5/},
    urldate = {2016-08-20}
}
@ELECTRONIC{numpy,
    author = {{Oliphant}, T. and others},
    title = {{Numpy}},
    url = {http://www.numpy.org/},
    urldate = {2016-08-20}
}
@ELECTRONIC{pytables,
  author =    {Francesc Alted and Ivan Vilata and others},
  title =     {{PyTables}: Hierarchical Datasets in {Python}},
  year =      {2002--},
  url = {http://www.pytables.org/},
  urldate = {2016-08-20}
}
@ELECTRONIC{h5py,
  author =    {Andrew Collette and others},
  title =     {{h5py}: Pythonic interface to the HDF5 binary data format},
  year =      {2008--},
  url = {http://www.h5py.org/},
  urldate = {2016-08-20}
}
@ELECTRONIC{rpy2,
  author =    {Laurent Gautier and others},
  title =     {{rpy2}: Pythonic interface to the HDF5 binary data format},
  year =      {2009--},
  url = {http://rpy2.bitbucket.org/},
  urldate = {2016-08-20}
}
@ELECTRONIC{scipy,
  author =    {Eric Jones and Travis Oliphant and Pearu Peterson and others},
  title =     {{SciPy}: Open source scientific tools for {Python}},
  year =      {2001--},
  url = {http://www.scipy.org/},
  urldate = {2016-08-20}
}
@ELECTRONIC{texmaker,
    title   = {Texmaker},
    subtitle =  {The universal LaTeX editor, Downloads},
    url = {http://www.xm1math.net/texmaker/download.html},
    date = {2014},
}
@ELECTRONIC{pandas,
  author = "Wes McKinney and others",
  title = "pandas: Python Data Analysis Library",
  url = "http://pandas.pydata.org/",
  urldate = {2016-08-20}
}
@Manual{R,
    title = {R: A Language and Environment for Statistical Computing},
    author = {{R Development Core Team}},
    organization = {R Foundation for Statistical Computing},
    address = {Vienna, Austria},
    year = {2008},
    note = {{ISBN} 3-900051-07-0},
    url = {http://www.R-project.org},
  }

@article{mrmre,
author = {{De Jay}, Nicolas and Papillon-Cavanagh, Simon and Olsen, Catharina and El-Hachem, Nehme and Bontempi, Gianluca and Haibe-Kains, Benjamin},
doi = {10.1093/bioinformatics/btt383},
file = {:home/fongo/.local/share/data/Mendeley Ltd./Mendeley Desktop/Downloaded/De Jay et al. - 2013 - MRMRe An R package for parallelized mRMR ensemble feature selection(12).pdf:pdf},
issn = {13674803},
journal = {Bioinformatics},
number = {18},
pages = {2365--2368},
pmid = {23825369},
title = {{MRMRe: An R package for parallelized mRMR ensemble feature selection}},
volume = {29},
year = {2013}
}

@Inbook{DataminingOnIce,
author="Ruhe, Tim
and Morik, Katharina
and Schowe, Benjamin",
editor="Sarro, Manuel Luis
and Eyer, Laurent
and O'Mullane, William
and De Ridder, Joris",
title="Data Mining on Ice",
bookTitle="Astrostatistics and Data Mining",
year="2012",
publisher="Springer New York",
address="New York, NY",
pages="223--231",
isbn="978-1-4614-3323-1",
doi="10.1007/978-1-4614-3323-1_23",
%url="http://dx.doi.org/10.1007/978-1-4614-3323-1_23"
}

@techreport{lowe-filter,
  title={DeepCore 2012 Filter Proposal},
  author={Jacob Daughhetee and others},
  year={2012}
}

@book{Aggarwal15,
  address = {Cham},
  author = {Aggarwal, Charu C.},
  doi = {10.1007/978-3-319-14142-8},
  isbn = {978-3-319-14141-1},
  publisher = {Springer},
  title = {Data Mining},
  year = 2015
}


@article{dom-paper,
archivePrefix = {arXiv},
arxivId = {0810.4930},
author = {Abbasi, R. and Ackermann, M. and Adams, J. and Ahlers, M. and Ahrens, J. and Andeen, K. and Auffenberg, J. and Bai, X. and Baker, M. and Barwick, S. W. and Bay, R. and {Bazo Alba}, J. L. and Beattie, K. and Becka, T. and Becker, J. K. and Becker, K. H. and Berghaus, P. and Berley, D. and Bernardini, E. and Bertrand, D. and Besson, D. Z. and Bingham, B. and Blaufuss, E. and Boersma, D. J. and Bohm, C. and Bolmont, J. and B{\"{o}}ser, S. and Botner, O. and Braun, J. and Breeder, D. and Burgess, T. and Carithers, W. and Castermans, T. and Chen, H. and Chirkin, D. and Christy, B. and Clem, J. and Cowen, D. F. and D'Agostino, M. V. and Danninger, M. and Davour, A. and Day, C. T. and Depaepe, O. and {De Clercq}, C. and Demir{\"{o}}rs, L. and Descamps, F. and Desiati, P. and de Vries-Uiterweerd, G. and DeYoung, T. and Diaz-Velez, J. C. and Dreyer, J. and Dumm, J. P. and Duvoort, M. R. and Edwards, W. R. and Ehrlich, R. and Eisch, J. and Ellsworth, R. W. and Engdeg{\aa}rd, O. and Euler, S. and Evenson, P. A. and Fadiran, O. and Fazely, A. R. and Feusels, T. and Filimonov, K. and Finley, C. and Foerster, M. M. and Fox, B. D. and Franckowiak, A. and Franke, R. and Gaisser, T. K. and Gallagher, J. and Ganugapati, R. and Gerhardt, L. and Gladstone, L. and Glowacki, D. and Goldschmidt, A. and Goodman, J. A. and Gozzini, R. and Grant, D. and Griesel, T. and Gro{\ss}, A. and Grullon, S. and Gunasingha, R. M. and Gurtner, M. and Ha, C. and Hallgren, A. and Halzen, F. and Han, K. and Hanson, K. and Hardtke, R. and Hasegawa, Y. and Haugen, J. and Hays, D. and Heise, J. and Helbing, K. and Hellwig, M. and Herquet, P. and Hickford, S. and Hill, G. C. and Hodges, J. and Hoffman, K. D. and Hoshina, K. and Hubert, D. and Huelsnitz, W. and Hughey, B. and H{\"{u}}l{\ss}, J. P. and Hulth, P. O. and Hultqvist, K. and Hussain, S. and Imlay, R. L. and Inaba, M. and Ishihara, A. and Jacobsen, J. and Japaridze, G. S. and Johansson, H. and Jones, A. and Joseph, J. M. and Kampert, K. H. and Kappes, A. and Karg, T. and Karle, A. and Kawai, H. and Kelley, J. L. and Kiryluk, J. and Kislat, F. and Klein, S. R. and Kleinfelder, S. and Klepser, S. and Kohnen, G. and Kolanoski, H. and K{\"{o}}pke, L. and Kowalski, M. and Kowarik, T. and Krasberg, M. and Kuehn, K. and Kujawski, E. and Kuwabara, T. and Labare, M. and Laihem, K. and Landsman, H. and Lauer, R. and Laundrie, A. and Leich, H. and Leier, D. and Lewis, C. and Lucke, A. and Ludvig, J. and Lundberg, J. and L{\"{u}}nemann, J. and Madsen, J. and Maruyama, R. and Mase, K. and Matis, H. S. and McParland, C. P. and Meagher, K. and Meli, A. and Merck, M. and Messarius, T. and M{\'{e}}sz{\'{a}}ros, P. and Minor, R. H. and Miyamoto, H. and Mohr, A. and Mokhtarani, A. and Montaruli, T. and Morse, R. and Movit, S. M. and M{\"{u}}nich, K. and Muratas, A. and Nahnhauer, R. and Nam, J. W. and Nie{\ss}en, P. and Nygren, D. R. and Odrowski, S. and Olivas, A. and Olivo, M. and Ono, M. and Panknin, S. and Patton, S. and {P{\'{e}}rez de los Heros}, C. and Petrovic, J. and Piegsa, A. and Pieloth, D. and Pohl, A. C. and Porrata, R. and Potthoff, N. and Pretz, J. and Price, P. B. and Przybylski, G. T. and Rawlins, K. and Razzaque, S. and Redl, P. and Resconi, E. and Rhode, W. and Ribordy, M. and Rizzo, A. and Robbins, W. J. and Rodrigues, J. P. and Roth, P. and Rothmaier, F. and Rott, C. and Roucelle, C. and Rutledge, D. and Ryckbosch, D. and Sander, H. G. and Sarkar, S. and Satalecka, K. and Sandstrom, P. and Schlenstedt, S. and Schmidt, T. and Schneider, D. and Schulz, O. and Seckel, D. and Semburg, B. and Seo, S. H. and Sestayo, Y. and Seunarine, S. and Silvestri, A. and Smith, A. J. and Song, C. and Sopher, J. E. and Spiczak, G. M. and Spiering, C. and Stanev, T. and Stezelberger, T. and Stokstad, R. G. and Stoufer, M. C. and Stoyanov, S. and Strahler, E. A. and Straszheim, T. and Sulanke, K. H. and Sullivan, G. W. and Swillens, Q. and Taboada, I. and Tarasova, O. and Tepe, A. and Ter-Antonyan, S. and Tilav, S. and Tluczykont, M. and Toale, P. A. and Tosi, D. and Tur{\v{c}}an, D. and van Eijndhoven, N. and Vandenbroucke, J. and {Van Overloop}, A. and Viscomi, V. and Vogt, C. and Voigt, B. and Vu, C. Q. and Wahl, D. and Walck, C. and Waldenmaier, T. and Waldmann, H. and Walter, M. and Wendt, C. and Westerhof, S. and Whitehorn, N. and Wharton, D. and Wiebusch, C. H. and Wiedemann, C. and Wikstr{\"{o}}m, G. and Williams, D. R. and Wischnewski, R. and Wissing, H. and Woschnagg, K. and Xu, X. W. and Yodh, G. and Yoshida, S.},
doi = {10.1016/j.nima.2009.01.001},
eprint = {0810.4930},
file = {:home/fongo/.local/share/data/Mendeley Ltd./Mendeley Desktop/Downloaded/Abbasi et al. - 2009 - The IceCube data acquisition system Signal capture, digitization, and timestamping(9).pdf:pdf},
isbn = {0168-9002},
issn = {01689002},
journal = {Nuclear Instruments and Methods in Physics Research, Section A: Accelerators, Spectrometers, Detectors and Associated Equipment},
keywords = {AMANDA,Icecube,Neutrino telescope,Signal digitization},
number = {3},
pages = {294--316},
title = {{The IceCube data acquisition system: Signal capture, digitization, and timestamping}},
volume = {601},
year = {2009}
}

@book{HistoricalIntroducationApp,
  title={From Ultra Rays to Astroparticles},
  author={Falkenburg, Brigitte and Rhode, Wolfgang},
  journal={From Ultra Rays to Astroparticles},
  volume={1},
  year={2012},
  publisher={Springer}
}


@book{gaisser1990cosmic,
  title={Cosmic Rays and Particle Physics},
  author={Gaisser, T.K.},
  isbn={9780521339315},
  lccn={gb90034465},
  year={1990},
  publisher={Cambridge University Press}
}
@book{gaisser2016cosmic,
  title={Cosmic Rays and Particle Physics},
  author={Gaisser, T.K. and Engel, R. and Resconi, E.},
  isbn={9781316598436},
  year={2016},
  publisher={Cambridge University Press}
}

@book{highenergyastro,
  title={High Energy Astrophysics},
  author={Thierry J.-L. Courvoisier},
  journal={From Ultra Rays to Astroparticles},
  volume={1},
  isbn={9783642309694},
  year={2013},
  publisher={Springer}
}
